
@article{bogner2024,
  title = {Technical Debt Management: The Road Ahead for Successful Software Delivery},
  author = {Bogner, Justus and Tamburri, Damian A. and Martini, Antonio},
  journal = {arXiv preprint arXiv:2403.06484},
  year = {2024},
  url = {https://arxiv.org/abs/2403.06484},
  note = {Open access}
}

@inproceedings{Avgeriou_2023,
  author = {Avgeriou, Paris and Ozkaya, Ipek and Chatzigeorgiou, Alexander and Ciolkowski, Marcus and Ernst, Neil A. and Koontz, Ronald J. and Poort, Eltjo and Shull, Forrest},
  title = {Technical Debt Management: The Road Ahead for Successful Software Delivery},
  booktitle = {2023 IEEE/ACM International Conference on Software Engineering: Future of Software Engineering (ICSE-FoSE)},
  publisher = {IEEE},
  year = {2023},
  pages = {15--30},
  url = {http://dx.doi.org/10.1109/ICSE-FoSE59343.2023.00007},
  doi = {10.1109/icse-fose59343.2023.00007}
}

@article{bamizadeh2021,
  author = {Bamizadeh, Lida and Kumar, Binod and Kumar, Ajay and Shirwaikar, Shailaja},
  title = {Design and Implementation of a Web-Based Application for Code Smells Repository},
  journal = {Tehniƒçki glasnik (Technical Journal)},
  volume = {15},
  number = {3},
  pages = {371--380},
  year = {2021},
  doi = {10.31803/tg-20210207102610},
  url = {https://doi.org/10.31803/tg-20210207102610}
}

@inproceedings{kazman2015casestudy,
  author = {Kazman, Rick and Cai, Yuanfang and Mo, Ran and Feng, Qiong and Xiao, Lu and Haziyev, Serge and Fedak, Volodymyr and Shapochka, Andriy},
  title = {A Case Study in Locating the Architectural Roots of Technical Debt},
  booktitle = {2015 IEEE/ACM 37th IEEE International Conference on Software Engineering},
  year = {2015},
  volume = {2},
  pages = {179--188},
  doi = {10.1109/ICSE.2015.146}
}

@article{LENARDUZZI2021110827,
  author = {Lenarduzzi, Valentina and Besker, Terese and Taibi, Davide and Martini, Antonio and Arcelli Fontana, Francesca},
  title = {A systematic literature review on Technical Debt prioritization: Strategies, processes, factors, and tools},
  journal = {Journal of Systems and Software},
  volume = {171},
  pages = {110827},
  year = {2021},
  doi = {10.1016/j.jss.2020.110827},
  url = {https://www.sciencedirect.com/science/article/pii/S016412122030220X}
}

@article{ernst2015,
  title = {Measure it? Manage it? Ignore it? Software Practitioners and Technical Debt},
  author = {Ernst, Neil A. and Bellomo, Stephany and Ozkaya, Ipek and Nord, Robert L. and Gorton, Ian},
  journal = {Proceedings of the 2015 10th Joint Meeting on Foundations of Software Engineering},
  year = {2015},
  pages = {50--60},
  doi = {10.1145/2786805.2786848}
}

@article{yamashita2016,
  title = {Do Developers Care about Code Smells? An Exploratory Survey},
  author = {Yamashita, Aiko and Moonen, Leon},
  journal = {Empirical Software Engineering},
  volume = {21},
  number = {3},
  pages = {955--1000},
  year = {2016},
  doi = {10.1007/s10664-015-9381-x}
}

@book{hunt2019pragmatic,
  title = {The Pragmatic Programmer: Your Journey to Mastery},
  author = {Hunt, Andrew and Thomas, David},
  year = {2019},
  publisher = {Addison-Wesley Professional},
  isbn = {9780135956977}
}

@book{fowler2018refactoring,
  title = {Refactoring: Improving the Design of Existing Code},
  author = {Fowler, Martin},
  year = {2018},
  publisher = {Pearson Education},
  isbn = {9780134757704}
}

@book{beck2004extreme,
  title = {Extreme Programming Explained: Embrace Change},
  author = {Beck, Kent and Andres, Cynthia},
  year = {2004},
  publisher = {Pearson Education},
  isbn = {9780134051994}
}

@article{cunningham1992wycash,
  author = {Cunningham, Ward},
  title = {The WyCash portfolio management system},
  journal = {SIGPLAN OOPS Mess.},
  volume = {4},
  number = {2},
  year = {1992},
  pages = {29--30},
  doi = {10.1145/157710.157715}
}
